@Article{fv,
	author = {vsdv},
	title = {vadva},
	journal = {vadv},
	year = {va},
}
